@ARTICLE{PER04,
AUTHOR  = "P.-O. Persson and G. Strang",
TITLE   = "A Simple Mesh Generator in MATLAB",
JOURNAL = "SIAM Review",
VOLUME  = 46,
NUMBER  = 2,
PAGES   = {329--345},
YEAR    = 2004 }

@ARTICLE{FIE00,
AUTHOR  = "D. A. Field",
TITLE   = "Qualitative Measures for Initial Meshes",
JOURNAL = "Int. J. Numer. Meth. Engng.",
VOLUME  = 47,
PAGES   = {887--906},
YEAR    = 2000 }

@MANUAL{ALB00,
AUTHOR       = "A. Schmidt and K. G. Siebert",
TITLE        = "ALBERT: An Adaptive Hierarchical Finite Element Toolbox",
ORGANIZATION = "Institut f{\"u}r Angewandte Mathematik",
ADDRESS      = "Albert-Ludwigs-Universit{\"a}t, Freiburg i. Br., Hermann-Herder Str. 10, D-79104 Freiburg",
EDITION      = 1,
MONTH        = "February",
YEAR         = 2000 }

@ARTICLE{MI89,
AUTHOR  = "W. Mitchell",
TITLE   = "A Comparsion of adaptive refinement techniques for elliptic problems",
JOURNAL = "ACM Trans. Math. Softw.",
VOLUME  = 15,
PAGES   = {326--347},
YEAR    = 1989 }

@ARTICLE{AI03,
AUTHOR = "M. Ainsworth and J. Coyle",
TITLE = "Hierarchic finite element bases on unstructured tetrahedral meshes",
JOURNAL = "Int. J. Numer. Meth. Engng",
VOLUME = 58,
PAGES = {2103--2130},
YEAR = 2003 }

@BOOK{MO03,
AUTHOR = "P. Monk",
TITLE = "Finite Element Methods for Maxwell's Equations",
PUBLISHER = "Oxford University Press",
YEAR = 2003,
SERIES = "Numerical Mathematics and Scientific Computation"}

@BOOK{AS64,
AUTHOR = "M. Abramowitz and I. A. Stegun",
TITLE = "Handbook of mathematical functions",
PUBLISHER = "Dover Publications",
YEAR = 1964,
SERIES = "Applied Mathematics Series"}

@MISC{HS07,
AUTHOR = "R. Hiptmair and C. Schwab and H. Harbrecht and A. Chernov",
TITLE = "Numerical Solution of Partial Differential Equations",
HOWPUBLISHED = "Lecture notes, SAM, ETH Z{\"u}rich",
MONTH = "Dec.",
YEAR = 2007}

@BOOK{KA00,
AUTHOR = "P. Knabner and L. Angermann",
TITLE = "Numerik partieller Differentialgleichungen",
PUBLISHER = "Springer",
YEAR = 2000}

@BOOK{S04,
AUTHOR = "Ch. Schwab",
TITLE = "$p$- and $hp-$ Finite Element Methods",
PUBLISHER = "Oxford Science Publications",
YEAR = 2004}

@BOOK{S08,
AUTHOR = "H.-G. Roos and M. Stynes and L. Tobiska",
TITLE = "Robust Numerical Methods for Singularly Perturbed Differential Equations",
PUBLISHER = "Springer",
YEAR = 2008}
