@ARTICLE{PER04,
AUTHOR  = "P.-O. Persson and G. Strang",
TITLE   = "A Simple Mesh Generator in MATLAB",
JOURNAL = "SIAM Review",
VOLUME  = 46,
NUMBER  = 2,
PAGES   = {329--345},
YEAR    = 2004 }

@ARTICLE{FIE00,
AUTHOR  = "D. A. Field",
TITLE   = "Qualitative Measures for Initial Meshes",
JOURNAL = "Int. J. Numer. Meth. Engng.",
VOLUME  = 47,
PAGES   = {887--906},
YEAR    = 2000 }

@MANUAL{ALB00,
AUTHOR       = "A. Schmidt and K. G. Siebert",
TITLE        = "ALBERT: An Adaptive Hierarchical Finite Element Toolbox",
ORGANIZATION = "Institut f{\"u}r Angewandte Mathematik",
ADDRESS      = "Albert-Ludwigs-Universit{\"a}t, Freiburg i. Br., Hermann-Herder Str. 10, D-79104 Freiburg",
EDITION      = 1,
MONTH        = "February",
YEAR         = 2000 }

@ARTICLE{MI89,
AUTHOR  = "W. Mitchell",
TITLE   = "A Comparsion of adaptive refinement techniques for elliptic problems",
JOURNAL = "ACM Trans. Math. Softw.",
VOLUME  = 15,
PAGES   = {326--347},
YEAR    = 1989 }